@article{SpielmanKumarWilke2015,
    author = {Spielman, SJ and Kumar, K and Wilke, CO},
    title = {Comprehensive, structurally-informed alignment and phylogeny of vertebrate biogenic amine receptors},
    journal = {PeerJ},
    year = {2015},
    volume = {3},
    pages = {e773},
    doi = {10.7717/peerj.773}
 }
